2916 5116
389 299 591 375 eluunt:
612 318 704 374 iuss
727 298 952 397 (Borassus.)
1169 300 1245 375 223

125 484 232 542 inuare
256 500 452 560 exarescens,
477 485 600 563 saporis
620 483 730 560 dulcis,
750 484 855 543 odoris
876 480 1062 543 submacidi.
1108 479 1246 561 Pyrenae
1277 460 1280 464 Ι

125 566 354 645 ‚roeo-ligneae.
378 600 416 615 -
451 566 558 628 Arbor
579 590 719 628 summae
737 569 892 629 utilitatis.
934 565 1067 626 Succum
1094 571 1247 628 sacebari-
1338 572 1342 583 '

125 672 163 713 ιιι
184 654 226 711 et·
241 653 433 730 saccharum,
460 654 531 712 inde
548 658 776 736 praeparatum,
824 672 895 713 uam
914 650 1059 729 Areugae
1080 654 1193 714 siccius
1215 661 1247 715 et

125 736 252 815 illelius,
274 739 455 817 suppeditat
477 759 514 798 ex
536 742 665 801 resectis
689 675 867 820 spadicibus
888 738 1071 819 praesertim
1090 741 1247 804 masculis.

125 822 209 883 'olci-
224 824 419 885 semimaturi
448 825 621 884 adhucdum
647 827 768 901 molles,
797 829 953 905 tamquam
975 826 1098 901 gratum
1120 826 1248 903 refrige-

125 916 174 985 ut,
195 905 378 967 sorbentur.
418 904 654 991 Sarcoearpium
676 916 740 969 tam
761 911 891 969 crudum
918 929 1011 989 quam
1032 929 1127 988 super
1144 910 1248 989 iguem

125 998 233 1053 uatum
265 992 448 1051 comeditur.
502 992 528 1054 ll
560 1016 654 1055 succo
688 1000 792 1055 autem
827 995 948 1055 tructus
978 1013 1148 1072 expresso,
1177 1015 1248 1055 cum

125 1096 172 1159 pua
189 1080 297 1153 cocto,
316 1078 500 1157 despumato
520 1084 552 1147 et
571 1082 743 1160 inspissato
770 1080 806 1139 fit
820 1085 919 1161 ¹pasta
938 1080 1072 1153 Ponata,
1100 1098 1192 1160 quam
1215 1083 1248 1140 in

125 1182 187 1223 roes
207 1163 380 1242 quadratos
403 1167 602 1243 conscissam,
613 1168 643 1224 in
666 1188 758 1226 usum
782 1187 839 1245 pro
860 1165 1146 1225 bieme-asservent
1164 1167 1249 1226 inco·

125 1245 267 1307 elodiae
289 1267 436 1325 aquosae.
481 1248 613 1330 Lignum
637 1253 738 1312 trunci
759 1252 985 1333 periphericum
1004 1250 1172 1328 nigricans,
1195 1254 1250 1311 du·

125 1350 163 1391 tur
182 1334 218 1391 et
245 1332 338 1411 quasi
365 1353 513 1413 porneum
538 1356 661 1396 asseres
687 1338 867 1419 suppeditat
890 1336 1109 1415 variorumque
1133 1337 1250 1396 instro-

126 1420 267 1481 ntorum
287 1420 457 1479 materiem.
482 1419 605 1499 (biart.)

178 1510 236 1573 Ἠ
254 1510 294 1573 Β.
313 1532 513 1582 ΑΕΤΗΙΟΡΠΜ
539 1524 639 1582 Mart.
667 1528 768 1586 Palm.
797 1523 871 1584 221.
922 1517 1060 1579 Rondier
1090 1519 1139 1577 rel
1159 1515 1250 1578 Lata-

125 1596 170 1653 ie'r
191 1598 361 1660 Adoneon's
386 1605 478 1663 Reae
496 1609 575 1666 nucb
596 1612 725 1693 senegai
730 1653 739 1686 ,
768 1610 811 1672 ed.
838 1628 934 1690 gerne.
962 1608 1093 1668 Martio.
1113 1628 1148 1684 p.
1180 1606 1249 1667 109.

125 1678 372 1744 ttabetttormis
409 1689 571 1774 Tdouning
592 1700 625 1752 in
644 1699 787 1755 Hortum.
807 1696 843 1754 de
861 1692 958 1753 indole
973 1695 1069 1771 pluet.
1092 1692 1250 1750 Guineeras.

125 1766 163 1849 ll.
180 1766 375 1830 meede
396 1780 428 1832 iu
445 1774 487 1833 K.
500 1778 629 1841 Desste
646 1782 787 1843 Videmle.
800 1788 920 1838 acturo.
944 1797 985 1858 og
998 1777 1090 1837 mutb.
1101 1776 1251 1857 Afhuudl.

125 1850 163 1909 W.
181 1850 267 1915 1899.
287 1858 365 1918 caol.
385 1879 448 1938 syn.
473 1862 583 1935 (Lour.
605 1864 765 1925 cachinni.
784 1861 905 1936 758?*)
927 1893 970 1904 —
998 1858 1032 1918 Iu
1053 1858 1178 1919 Africae
1200 1880 1259 1917 oc«

125 1934 255 1996 itleat'alis
279 1938 347 1998 oris
369 1943 543 2021 maritimis,
571 1948 602 2007 in
636 1950 876 2009 mediterraneas
904 1943 1047 2021 regiones
1067 1944 1252 2003 verosimili·
1334 1936 1337 1945 ’

125 2038 147 2109 ,⁵¹¹
165 2018 246 2081 baud
264 2022 313 2082 ita
330 2025 423 2105 longe
443 2050 630 2107 procurrens
651 2030 917 2109 (al’romontorio
932 2028 1034 2089 Viridi
1054 2030 1093 2087 ad
1110 2026 1251 2105 Regnum

125 2104 191 2183 'ulti
208 2110 351 2189 usque)·,
369 2113 400 2169 in
420 2110 541 2174 Gereae
559 2120 699 2196 colonia3
718 2119 756 2180 ad
770 2117 917 2178 Gambiae
938 2114 1078 2190 fluvium,
1100 2113 1132 2171 in
1142 2110 1251 2189 Regno
1376 2126 1380 2131 ’

125 2188 180 2266 ida,
198 2190 283 2251 iuter
302 2190 361 2253 Rio
382 2194 476 2258 Volta
500 2206 533 2259 et
553 2201 659 2266 Benin.
679 2241 724 2253 -
763 2201 890 2263 Caudex
916 2199 1085 2280 praealtus,
1108 2196 1252 2274 cylindri·

125 2290 161 2351 ΙΙ,
181 2294 281 2355 supra
303 2280 436 2341 medium
459 2285 662 2365 incrassatus,
687 2290 902 2363 cicatrisatus3
924 2285 1036 2364 junior
1056 2280 1252 2363 persistenti·
1290 2320 1299 2341 .

125 2376 153 2439 ²9
173 2356 307 2421 basibus
330 2365 485 2427 frondium
508 2378 656 2433 armatus.
682 2375 785 2434 Frons
808 2370 1044 2445 flabellilormis,
1068 2365 1252 2427 ovato-sub·

125 2444 239 2521 iiuada,
262 2447 303 2503 ad
324 2451 458 2512 medium
482 2458 643 2533 multifida,
670 2456 1020 2538 subpinnatopalmata,
1045 2452 1165 2511 laciniis
1186 2452 1252 2510 lan·

125 2528 463 2614 ahto-eusilormibus,
483 2542 652 2621 replicatis,
672 2544 909 2624 conduplicatis,
934 2538 1154 2619 bil-pedalis.
1194 2534 1252 2594 Pe-

125 2612 187 2699 lli'
211 2614 409 2693 ¹⁰¹¹situdine
428 2624 569 2706 laminae,
597 2629 900 2709 spinoso-dentatus.
946 2622 1085 2701 Vaginae
1108 2626 1176 2681 rete
1196 2621 1252 2679 sti-

125 2696 257 2759 drusum
295 2722 314 2760 e
352 2706 411 2766 tilis
454 2714 660 2773 tenacissimis
699 2717 889 2774 contextum.
941 2706 1058 2789 Spadix
1092 2705 1250 2767 masculus

125 2780 278 2865 hpliciter
310 2808 471 2870 ramosus,
506 2798 627 2877 spathis
663 2800 855 2877 instructus,
884 2793 1113 2875 3·d-pedalis;
1156 2791 1251 2851 ramis

125 2868 349 2963 affin-apice
368 2883 499 2941 amentis
522 2883 603 2942 binis
627 2885 763 2943 ternisve
785 2880 960 2944 sessilibus.
1000 2877 1170 2939 Amcntuur
1200 2897 1252 2952 cy-

125 2950 273 3035 Mlffiil,
302 2961 354 3017 vix
380 2965 498 3043 pedale.
548 2965 664 3047 Spadix
686 2969 838 3027 semineus
874 2965 1023 3043 simplex,
1049 2961 1253 3042 4-8-pedalis,

125 3040 313 3131 mimus,
340 3053 471 3125 nutans3
495 3051 590 3112 flores
623 3052 878 3112 flavo-virentes.
931 3046 1061 3125 Drupae
1084 3045 1252 3119 solitariae,

125 3118 234 3199 ”llus
270 3133 485 3209 magnitudine
522 3142 554 3196 et
586 3138 682 3205 odore
713 3136 863 3212 melonis,
903 3126 1251 3202 subrutundo-ovatae',

125 3204 244 3284 itone,
268 3219 485 3300 aurantiacae,
522 3243 635 3302 sapore
665 3222 877 3295 dulcescente,
914 3217 1031 3276 edules.
1085 3210 1189 3272 Nuces
1219 3211 1251 3286 3,

125 3290 446 3380 abutendo-ovatae,
484 3326 697 3386 compressae,
731 3305 1035 3381 librom-lignosae,
1069 3298 1250 3378 praedurae.

125 3372 204 3439 hm
234 3376 335 3459 calyx
355 3390 490 3448 exterior
511 3390 690 3466 tubulosus,
710 3392 863 3470 trigonus,
884 3387 1023 3461 trifidus3
1051 3383 1182 3442 interior
1202 3387 1252 3440 tu—

125 3462 241 3541 ²l⁰⁸¹¹⁸9
269 3467 369 3529 limbo
405 3473 718 3554 3·partito-r0tatus.
773 3474 913 3534 Stamina
940 3473 970 3533 6.
1017 3468 1121 3531 Fen:
1155 3464 1252 3544 Calyx

125 3551 283 3635 -sepalus,
314 3555 506 3629 imbricatus.
548 3558 688 3620 Stamina
713 3561 934 3620 rudimentaria
961 3555 1079 3615 inierue
1108 3557 1250 3619 connata.
1274 3556 1277 3560 '

125 3628 240 3714 lim.)
264 3674 306 3687 -
326 3636 353 3698 Ε
372 3643 535 3705 frondibus
558 3645 691 3722 flabella,
712 3646 797 3727 pilei,
819 3648 942 3705 storeae
960 3640 1137 3700 nectuntur.
1179 3634 1252 3696 Sto-

125 3736 184 3779 tssts
202 3722 348 3801 juniores
382 3732 480 3803 cocti,
512 3731 633 3795 tructus
654 3735 716 3790 tam
749 3731 837 3790 crudi
866 3748 957 3809 quam
986 3725 1084 3785 assati
1108 3722 1251 3782 eduntur.

125 3800 247 3865 lllumeu
270 3812 505 3872 semimaturum
526 3817 735 3892 gelatiuosum
758 3817 875 3895 pariter
896 3835 932 3873 ac
955 3811 1074 3870 Cocoes
1097 3808 1253 3866 urrcilerae

125 3888 251 3970 orbetur,
270 3893 310 3953 ab
331 3899 527 3980 aethiopibus
544 3888 603 3980 pro
624 3901 841 3981 aphrodisiaco
866 3899 1016 3958 habitum.
1038 3891 1156 3970 (Mart.)
1244 3938 1248 3949 .

125 4108 441 4129 ——n———-—-

164 4265 186 4332 ‘l
209 4264 358 4322 Borassum
390 4269 606 4324 flabellitormcm
630 4271 715 4326 Lour.
740 4271 822 4327 Coela.
839 4270 908 4336 758,
936 4270 963 4322 in
987 4267 1099 4320 Africae
1125 4263 1252 4316 orientali

125 4334 409 4460 pdpdmbltptsambique
431 4341 603 4396 observatam
630 4341 697 4394 nulli
718 4341 766 4394 alii
786 4340 889 4409 absque
912 4338 991 4391 dubio
1010 4334 1160 4404 adjudicari
1180 4332 1252 4385 ausit

274 4423 325 4462 rus.
